
@article{bimotility-driven2015,
  title={Motility-driven glass and jamming transitions in biological tissues},
  author={D. Bi and X. Yang and M. C. Marchetti and M. L. Manning},
  journal={{arXiv}},
  year={2015},
 }